@book{Poli2008,
abstract = {A Field Guide to Genetic Programing is aimed at those new to genetic programming},
author = {Poli, Riccardo and Langdon, W.B. and McPhee, N.F.},
booktitle = {Wyvern},
file = {:home/matheusc/Downloads/poli08{\_}fieldguide.pdf:pdf},
isbn = {978-1-4092-0073-4},
keywords = {genetic algorithms,genetic programming},
number = {March},
pages = {8},
title = {{A Field Guide to Genetic Programing}},
url = {http://www.essex.ac.uk/wyvern/2008-04/Wyvern April 08 7126.pdf},
year = {2008}
}
